/home/lgatto/Biblio/spatial_proteomics.bib